@article{Teng2012,
author		= {J. Teng and C. Wu},
journal		= {Journal of Communications and Networks},
title			= {A provable authenticated certificateless group key agreement with constant rounds},
year			= {2012},
volume		= {14},
number		= {1},
pages		= {104-110},
}

